<record><leader>00000cas a22000007a 4500</leader><controlfield tag="001">13181744</controlfield><controlfield tag="008">860221d1922192uwvuwr ne      0    0eng d</controlfield><datafield ind1=" " ind2=" " tag="010"><subfield code="a">sn 86092237 </subfield></datafield><datafield ind1=" " ind2=" " tag="040"><subfield code="a">WVC</subfield><subfield code="b">eng</subfield><subfield code="c">WVC</subfield><subfield code="d">OCL</subfield><subfield code="d">OCLCQ</subfield></datafield><datafield ind1=" " ind2=" " tag="042"><subfield code="a">msc</subfield></datafield><datafield ind1="0" ind2="4" tag="245"><subfield code="a">The Associated voice.</subfield></datafield><datafield ind1=" " ind2=" " tag="260"><subfield code="a">Watoga, W. Va. :</subfield><subfield code="b">Writers' Association</subfield></datafield><datafield ind1=" " ind2=" " tag="300"><subfield code="a">v.</subfield></datafield><datafield ind1=" " ind2=" " tag="310"><subfield code="a">Weekly</subfield></datafield><datafield ind1="1" ind2=" " tag="362"><subfield code="a">Began in 1922.</subfield><subfield code="z">Cf. Hist. of Pocahontas Co., W. Va.</subfield></datafield><datafield ind1=" " ind2=" " tag="500"><subfield code="a">"Negro." "In the interest of Americans at Watoga, W. Va."</subfield></datafield><datafield ind1=" " ind2=" " tag="500"><subfield code="a">The Writer's Association: Rev. A.B. Farmer, Mgr. &amp; Gen. Sec.; Rev. J.C. Bush, Adv. Mgr.; W.B. Brandon, Ass't Adv. Mgr.</subfield></datafield><datafield ind1=" " ind2=" " tag="500"><subfield code="a">Editor: William Ellis.</subfield></datafield><datafield ind1=" " ind2=" " tag="521"><subfield code="a">Afro-American.</subfield></datafield><datafield ind1=" " ind2=" " tag="588"><subfield code="a">Description based on: Vol. 1, no. 2 (Jan. 21, 1922).</subfield></datafield><datafield ind1=" " ind2=" " tag="752"><subfield code="a">United States</subfield><subfield code="b">West Virginia</subfield><subfield code="c">Pocahontas</subfield><subfield code="d">Watoga.</subfield></datafield></record>